@ARTICLE{esmda,
  AUTHOR    = {A. A. Emerick and A. C. Reynolds},
  TITLE     = {Ensemble smoother with multiple data assimilation},
  JOURNAL   = {Computers \& Geosciences},
  YEAR      = {2013},
  VOLUME    = {55},
  PAGES     = {3-15},
  DOI       = {10.1016/j.cageo.2012.03.011},
  URL       = {https://doi.org/10.1016/j.cageo.2012.03.011},
}

@ARTICLE{SciPy,
  AUTHOR    = {Virtanen, Pauli and Gommers, Ralf and Oliphant, Travis E. and
               Haberland, Matt and Reddy, Tyler and Cournapeau, David and
               Burovski, Evgeni and Peterson, Pearu and Weckesser, Warren and
               Bright, Jonathan and {van der Walt}, St{\'e}fan J. and
               Brett, Matthew and Wilson, Joshua and Millman, K. Jarrod and
               Mayorov, Nikolay and Nelson, Andrew R. J. and Jones, Eric and
               Kern, Robert and Larson, Eric and Carey, C J and
               Polat, {\.I}lhan and Feng, Yu and Moore, Eric W. and
               {VanderPlas}, Jake and Laxalde, Denis and Perktold, Josef and
               Cimrman, Robert and Henriksen, Ian and Quintero, E. A. and
               Harris, Charles R. and Archibald, Anne M. and
               Ribeiro, Ant{\^o}nio H. and Pedregosa, Fabian and
               {van Mulbregt}, Paul and {SciPy 1.0 Contributors}},
  TITLE     = {{{SciPy} 1.0: Fundamental Algorithms for Scientific
              Computing in Python}},
  JOURNAL   = {Nature Methods},
  YEAR      = {2020},
  VOLUME    = {17},
  PAGES     = {261--272},
  DOI       = {10.1038/s41592-019-0686-2},
  URL       = {https://doi.org/10.1038/s41592-019-0686-2},
}

@ARTICLE{NumPy,
  TITLE     = {Array programming with {NumPy}},
  AUTHOR    = {Charles R. Harris and K. Jarrod Millman and St{\'{e}}fan J.
               van der Walt and Ralf Gommers and Pauli Virtanen and David
               Cournapeau and Eric Wieser and Julian Taylor and Sebastian
               Berg and Nathaniel J. Smith and Robert Kern and Matti Picus
               and Stephan Hoyer and Marten H. van Kerkwijk and Matthew
               Brett and Allan Haldane and Jaime Fern{\'{a}}ndez del
               R{\'{i}}o and Mark Wiebe and Pearu Peterson and Pierre
               G{\'{e}}rard-Marchant and Kevin Sheppard and Tyler Reddy and
               Warren Weckesser and Hameer Abbasi and Christoph Gohlke and
               Travis E. Oliphant},
  YEAR      = {2020},
  MONTH     = sep,
  JOURNAL   = {Nature},
  VOLUME    = {585},
  NUMBER    = {7825},
  PAGES     = {357--362},
  DOI       = {10.1038/s41586-020-2649-2},
  PUBLISHER = {Springer Science and Business Media {LLC}},
  URL       = {https://doi.org/10.1038/s41586-020-2649-2},
}

@ARTICLE{opendarts,
  AUTHOR    = {Denis Voskov and Ilshat Saifullin and Aleksei Novikov and
               Michiel Wapperom and Luisa Orozco and Gabriel Serr達o Seabra and
               Yuan Chen and Mark Khait and Xiaocong Lyu and Xiaoming Tian and
               Stephan de Hoop and Artur Palha},
  TITLE     = {open {D}elft {A}dvanced {R}esearch {T}erra {S}imulator
               (open-{DARTS})},
  JOURNAL   = {Journal of Open Source Software},
  YEAR      = {2024},
  VOLUME    = {9}, 
  NUMBER    = {99},
  PAGES     = {6737},
  DOI       = {10.21105/joss.06737},
  URL       = {https://doi.org/10.21105/joss.06737},
}

@SOFTWARE{pyesmda,
  AUTHOR    = {Antoine Collet},
  TITLE     = {{pyESMDA - Python Ensemble Smoother with Multiple
               Data Assimilation}},
  MONTH     = dec,
  YEAR      = 2022,
  PUBLISHER = {Zenodo},
  VERSION   = {v0.3.2},
  DOI       = {10.5281/zenodo.7425670},
  URL       = {https://doi.org/10.5281/zenodo.7425670},
}

@ARTICLE{burgers,
  AUTHOR    = {Gerrit Burgers and Peter Jan van Leeuwen and Geir Evensen},
  TITLE     = {Analysis Scheme in the Ensemble {K}alman Filter},
  JOURNAL   = {Monthly Weather Review},
  YEAR      = {1998},
  PUBLISHER = {American Meteorological Society},
  VOLUME    = {126},
  NUMBER    = {6},
  DOI       = {10.1175/1520-0493(1998)126<1719:ASITEK>2.0.CO;2},
  PAGES     = {1719 - 1724},
  URL       = {https://doi.org/10.1175/1520-0493(1998)126<1719:ASITEK>2.0.CO;2},
}

@ARTICLE{saifullin,
  TITLE     = {Integrating geomechanical proxy models with data assimilation for energy transition applications},
  JOURNAL   = {Geomechanics for Energy and the Environment},
  VOLUME    = {40},
  PAGES     = {100618},
  YEAR      = {2024},
  ISSN      = {2352-3808},
  DOI       = {10.1016/j.gete.2024.100618},
  URL       = {https://doi.org/10.1016/j.gete.2024.100618},
  AUTHOR    = {Ilshat Saifullin and Gabriel Serr達o Seabra and Anne Pluymakers and Femke C. Vossepoel and Denis Voskov},
}

@ARTICLE{seabra,
  TITLE     = {AI enhanced data assimilation and uncertainty quantification applied to Geological Carbon Storage},
  JOURNAL   = {International Journal of Greenhouse Gas Control},
  VOLUME    = {136},
  PAGES     = {104190},
  YEAR      = {2024},
  ISSN      = {1750-5836},
  DOI       = {10.1016/j.ijggc.2024.104190},
  URL       = {https://doi.org/10.1016/j.ijggc.2024.104190},
  AUTHOR    = {Gabriel Serr達o Seabra and Nikolaj T. M端cke and Vinicius Luiz Santos Silva and Denis Voskov and Femke C. Vossepoel},
}

@BOOK{evensen,
  AUTHOR    = {Geir Evensen and Femke C. Vossepoel and Peter Jan van Leeuwen},
  TITLE     = {Data Assimilation Fundamentals},
  PUBLISHER = {Springer},
  YEAR      = {2022},
  DOI       = {10.1007/978-3-030-96709-3},
  URL       = {https://doi.org/10.1007/978-3-030-96709-3},
}
